@misc{intentioc,
  author = {Anna Bukowska and Marek Kaput},
  title = {\emph{intentioc} - {The reference Intentio compiler}},
  year = {},
  howpublished = {\url{https://github.com/intentio-lang/intentio}}
}

@Misc{Marlow_haskell2010,
  author = {Simon Marlow},
  title = {Haskell 2010 Language Report},
  year = {},
  howpublished = {\url{https://www.haskell.org/definition/haskell2010.pdf}}
}

@misc{TheRustProgrammingLanguage,
 author = {{The Rust Project Developers}},
 title = {{The Rust Programming Language}},
 howpublished = {\url{https://doc.rust-lang.org/book/}}
}

@misc{TheRustReference,
 author = {{The Rust Project Developers}},
 title = {{The Rust Reference}},
 howpublished = {\url{https://doc.rust-lang.org/reference/}}
}

@misc{TheGoProgrammingLanguage,
 author = {{The Go Authors}},
 title = {{The Go Programming Language Specification}},
 howpublished = {\url{https://golang.org/ref/spec}, licensed under CC BY 3.0}
}

@misc{TheSwiftProgrammingLanguage,
 author = {{Apple Inc.}},
 title = {{The Swift Programming Language}},
 howpublished = {\url{https://swift.org/}}
}

@misc{TheIconProgrammingLanguage,
 author = {{University of Arizona}},
 title = {{The Icon Programming Language}},
 howpublished = {\url{https://www2.cs.arizona.edu/icon/}}
}

@misc{ThePythonProgrammingLanguage,
  author = {{Python Software Foundation}},
  title = {Python Language Reference, version 3.6},
  howpublished = {\url{https://docs.python.org/3.6/reference/}}
}

@misc{TheErlangProgrammingLanguage,
  author = {{Ericsson AB}},
  title = {Erlang programming language},
  howpublished = {\url{http://www.erlang.org/}}
}

@techreport{Unicode,
  author = {{The Unicode Consortium}},
  institution = {Unicode Consortium},
  number = {Version 9.0.0},
  title = {{The Unicode Standard}},
  url = {http://www.unicode.org/versions/Unicode9.0.0/}
}

@techreport{UAX31,
  author = {Mark Davis},
  title = {{Unicode Standard Annex \#31: Unicode Identifier and Pattern Syntax}},
  number = {Version 9.0.0},
  url = {http://www.unicode.org/reports/tr31/tr31-25.html}
}

@article{IEEE754,
  journal={{IEEE Std 754-2008}},
  title={{IEEE Standard for Floating-Point Arithmetic}},
  year={2008},
  pages={1-70},
  keywords={IEEE standards;floating point arithmetic;programming;IEEE standard;arithmetic formats;computer programming;decimal floating-point arithmetic;754-2008;NaN;arithmetic;binary;computer;decimal;exponent;floating-point;format;interchange;number;rounding;significand;subnormal},
  doi={10.1109/IEEESTD.2008.4610935},
  month={Aug}
}
